<?xml version="1.0" encoding="utf-8"?>
<record xmlns="http://www.loc.gov/MARC21/slim" xmlns:xsi="http://www.w3.org/2001/XMLSchema-instance" xsi:schemaLocation="http://www.loc.gov/MARC21/slim http://www.loc.gov/standards/marcxml/schema/MARC21slim.xsd">
	<leader>     nam a22     Mi 4500</leader>
	<controlfield tag="001">b12778850</controlfield>
	<controlfield tag="003">LeBAU</controlfield>
	<controlfield tag="006">m        d        </controlfield>
	<controlfield tag="007">cr cn |||m|||a</controlfield>
	<controlfield tag="008">180321s1932    le      o     ||0 0 ara d</controlfield>
	<datafield ind1=" " ind2=" " tag="040">
		<subfield code="a">ZYU</subfield>
		<subfield code="b">ara</subfield>
		<subfield code="e">rda</subfield>
		<subfield code="c">ZYU</subfield>
	</datafield>
	<datafield ind1="0" ind2=" " tag="041">
		<subfield code="a">ara</subfield>
		<subfield code="a">eng</subfield>
		<subfield code="a">heb</subfield>
	</datafield>
	<datafield ind1=" " ind2="4" tag="050">
		<subfield code="a">R121</subfield>
		<subfield code="b">.H33 1932</subfield>
	</datafield>
	<datafield ind1="0" ind2="4" tag="082">
		<subfield code="a">610.3</subfield>
		<subfield code="2">20</subfield>
	</datafield>
	<datafield ind1="1" ind2=" " tag="100">
		<subfield code="6">880-01</subfield>
		<subfield code="a">Ḥaddād, Tawfīq Bāz,</subfield>
		<subfield code="e">author.</subfield>
	</datafield>
	<datafield ind1="1" ind2="0" tag="245">
		<subfield code="6">880-02</subfield>
		<subfield code="a">Majmū‘at alfāẓ wa-muṣṭalaḥāt ṭibbīyah bi-al-lughah al-‘Arabīyah al-‘āmmīyah li-Sūriyā wa-Filasṭīn /</subfield>
		<subfield code="c">ta’līf al-Duktūr Tawfīq Bāz Ḥaddād bi-musā‘adat ‘Assāf J. Wahbah.</subfield>
	</datafield>
	<datafield ind1="1" ind2="5" tag="246">
		<subfield code="a">Medical syllabus in the colloquial Arabic of Syria and Palestine</subfield>
	</datafield>
	<datafield ind1=" " ind2="1" tag="264">
		<subfield code="6">880-03</subfield>
		<subfield code="a">Bayrūt :</subfield>
		<subfield code="b">al-Maṭbaʻah al-Amīrikānīyah,</subfield>
		<subfield code="c">1932.</subfield>
	</datafield>
	<datafield ind1=" " ind2=" " tag="300">
		<subfield code="6">880-04</subfield>
		<subfield code="a">online resource (1 volume)</subfield>
	</datafield>
	<datafield ind1=" " ind2=" " tag="336">
		<subfield code="a">text</subfield>
		<subfield code="2">rdacontent</subfield>
	</datafield>
	<datafield ind1=" " ind2=" " tag="337">
		<subfield code="a">computer</subfield>
		<subfield code="2">rdamedia</subfield>
	</datafield>
	<datafield ind1=" " ind2=" " tag="338">
		<subfield code="a">online resource</subfield>
		<subfield code="2">rdacarrier</subfield>
	</datafield>
	<datafield ind1=" " ind2=" " tag="500">
		<subfield code="6">880-05</subfield>
		<subfield code="a">&quot;Thesis prepared by Dr. E. H. Hudson in partial fulfillment of the requirements for the completion of the second year of study in the missionary study center, Beirut, Syria; in collaboration with Salim Khuri Freiha, formerly instructor in the study center.&quot;</subfield>
	</datafield>
	<datafield ind1=" " ind2=" " tag="500">
		<subfield code="a">Part of the Arabic Collections Online (ACO) project, contributed by American University of Beirut's Jafet Memorial Library.</subfield>
	</datafield>
	<datafield ind1=" " ind2=" " tag="533">
		<subfield code="a">Electronic reproduction.</subfield>
		<subfield code="b">New York, N.Y. :</subfield>
		<subfield code="c">New York University,</subfield>
		<subfield code="d">2018.</subfield>
		<subfield code="5">NNU</subfield>
	</datafield>
	<datafield ind1=" " ind2="0" tag="650">
		<subfield code="6">880-06</subfield>
		<subfield code="a">Medicine</subfield>
		<subfield code="v">Dictionaries</subfield>
		<subfield code="x">Arabic.</subfield>
	</datafield>
	<datafield ind1=" " ind2="0" tag="650">
		<subfield code="6">880-07</subfield>
		<subfield code="a">Medicine</subfield>
		<subfield code="v">Dictionaries</subfield>
		<subfield code="x">English.</subfield>
	</datafield>
	<datafield ind1=" " ind2="0" tag="650">
		<subfield code="6">880-08</subfield>
		<subfield code="a">Medicine</subfield>
		<subfield code="v">Dictionaries</subfield>
		<subfield code="x">Hebrew.</subfield>
	</datafield>
	<datafield ind1=" " ind2="0" tag="650">
		<subfield code="6">880-09</subfield>
		<subfield code="a">Arabic language</subfield>
		<subfield code="x">Dialects</subfield>
		<subfield code="z">Palestine.</subfield>
	</datafield>
	<datafield ind1="1" ind2=" " tag="700">
		<subfield code="6">880-10</subfield>
		<subfield code="a">Wahbah, ʻAssāf J.,</subfield>
		<subfield code="e">author.</subfield>
	</datafield>
	<datafield ind1="1" ind2=" " tag="700">
		<subfield code="6">880-11</subfield>
		<subfield code="a">Hudson, Ellis Herndon,</subfield>
		<subfield code="d">1890-</subfield>
		<subfield code="e">author.</subfield>
	</datafield>
	<datafield ind1="1" ind2=" " tag="700">
		<subfield code="6">880-12</subfield>
		<subfield code="a">Furayḥah, Salīm Khūrī,</subfield>
		<subfield code="e">author.</subfield>
	</datafield>
	<datafield ind1="2" ind2=" " tag="710">
		<subfield code="a">Jafet Memorial Library.</subfield>
	</datafield>
	<datafield ind1="0" ind2=" " tag="730">
		<subfield code="a">Arabic Collections Online.</subfield>
	</datafield>
	<datafield ind1="0" ind2="8" tag="776">
		<subfield code="i">Print version:</subfield>
		<subfield code="a">Ḥaddād, Tawfīq Bāz, author.</subfield>
		<subfield code="t">Majmū‘at alfāẓ wa-muṣṭalaḥāt ṭibbīyah bi-al-lughah al-‘Arabīyah al-‘āmmīyah li-Sūriyā wa-Filasṭīn</subfield>
		<subfield code="w">(LeBAU)b12778850</subfield>
	</datafield>
	<datafield ind1="4" ind2="0" tag="856">
		<subfield code="u">http://hdl.handle.net/2333.1/cc2fr4m3</subfield>
	</datafield>
	<datafield ind1="1" ind2=" " tag="880">
		<subfield code="6">100-01</subfield>
		<subfield code="a">حداد، توفيق باز،</subfield>
		<subfield code="e">مؤلف.</subfield>
		<subfield code="4">aut.</subfield>
	</datafield>
	<datafield ind1="1" ind2="0" tag="880">
		<subfield code="6">245-02</subfield>
		<subfield code="a">مجموعة ألفاظ ومصطلحات طبية باللغة العربية العامية لسوريا وفلسطين /</subfield>
		<subfield code="c">تأليف الدكتور توفيق باز حداد بمساعدة عساف ج. وهبه.</subfield>
	</datafield>
	<datafield ind1=" " ind2="1" tag="880">
		<subfield code="6">264-03</subfield>
		<subfield code="a">بيروت :</subfield>
		<subfield code="b">المطبعة الأميركانية،</subfield>
		<subfield code="c">1932.</subfield>
	</datafield>
	<datafield ind1=" " ind2=" " tag="880">
		<subfield code="6">300-04</subfield>
		<subfield code="a">1 جزء ؛</subfield>
		<subfield code="c">23 سم</subfield>
	</datafield>
	<datafield ind1=" " ind2=" " tag="880">
		<subfield code="6">500-00</subfield>
		<subfield code="a">عنوان غلاف.</subfield>
	</datafield>
	<datafield ind1=" " ind2=" " tag="880">
		<subfield code="6">500-05</subfield>
		<subfield code="a">2 جزء ببليوغرافي في 1 جزء مادي.</subfield>
	</datafield>
	<datafield ind1="0" ind2="0" tag="880">
		<subfield code="6">505-00</subfield>
		<subfield code="t">مجموعة ألفاظ ومصطلحات طبية باللغة العربية العامية لسوريا وفلسطين:</subfield>
		<subfield code="g">الجزء الأول.</subfield>
		<subfield code="t">ألفاظ وجمل عربية مع تفسيرها بالإنكليزية والعبرانية  /</subfield>
		<subfield code="r">thesis prepared by E.H. Hudson --</subfield>
		<subfield code="g">الجزء الثاني.</subfield>
		<subfield code="t">حديث طبيب مع مريض باللغة الفلسطينية الدارجة /</subfield>
		<subfield code="r">تأليف الدكتور توفيق باز حداد بمساعدة عساف ج. وهبه.</subfield>
	</datafield>
	<datafield ind1=" " ind2=" " tag="880">
		<subfield code="6">546-00</subfield>
		<subfield code="a">النص بالعربية؛ مع بعض النصوص بالإنجليزية والعبرية.</subfield>
	</datafield>
	<datafield ind1=" " ind2="4" tag="880">
		<subfield code="6">650-06</subfield>
		<subfield code="a">الطب</subfield>
		<subfield code="v">قواميس</subfield>
		<subfield code="x">عربية.</subfield>
	</datafield>
	<datafield ind1=" " ind2="4" tag="880">
		<subfield code="6">650-07</subfield>
		<subfield code="a">الطب</subfield>
		<subfield code="v">قواميس</subfield>
		<subfield code="x">إنكليزية.</subfield>
	</datafield>
	<datafield ind1=" " ind2="4" tag="880">
		<subfield code="6">650-08</subfield>
		<subfield code="a">الطب</subfield>
		<subfield code="v">قواميس</subfield>
		<subfield code="x">عبرية.</subfield>
	</datafield>
	<datafield ind1=" " ind2="4" tag="880">
		<subfield code="6">650-09</subfield>
		<subfield code="a">اللغة العربية</subfield>
		<subfield code="x">اللهجات</subfield>
		<subfield code="z">فلسطين.</subfield>
	</datafield>
	<datafield ind1="1" ind2=" " tag="880">
		<subfield code="6">700-10</subfield>
		<subfield code="a">وهبة، عساف ج.،</subfield>
		<subfield code="e">مؤلف.</subfield>
		<subfield code="4">aut.</subfield>
	</datafield>
	<datafield ind1="1" ind2=" " tag="880">
		<subfield code="6">700-11</subfield>
		<subfield code="a">هدسون، اليس هرندون،</subfield>
		<subfield code="d">1890-</subfield>
		<subfield code="e">مؤلف.</subfield>
		<subfield code="4">aut.</subfield>
	</datafield>
	<datafield ind1="1" ind2=" " tag="880">
		<subfield code="6">700-12</subfield>
		<subfield code="a">فريحة، سليم خوري،</subfield>
		<subfield code="e">مؤلف.</subfield>
		<subfield code="4">aut.</subfield>
	</datafield>
	<datafield ind1=" " ind2=" " tag="959">
		<subfield code="a">NNU</subfield>
		<subfield code="b">WEB</subfield>
		<subfield code="c">GENI</subfield>
		<subfield code="t">0</subfield>
		<subfield code="m">Electronic access</subfield>
		<subfield code="s">01</subfield>
	</datafield>
	<datafield ind1=" " ind2=" " tag="999">
		<subfield code="i">LeBAU_b12778850</subfield>
		<subfield code="s">aub_aco001584:v.1-2</subfield>
		<subfield code="e">(ERROR-880)</subfield>
		<subfield code="s">aub_aco001584:v.1-2</subfield>
	</datafield>
</record>
